<?xml version="1.0" encoding="UTF-8"?><record xmlns="http://www.loc.gov/MARC21/slim" xmlns:cinclude="http://apache.org/cocoon/include/1.0" xmlns:zs="http://www.loc.gov/zing/srw/">
  <leader>00414nz  a2200121n  4500</leader>
  <controlfield tag="001">n 2011051943</controlfield>
  <controlfield tag="003">DLC</controlfield>
  <controlfield tag="005">20110803083734.0</controlfield>
  <controlfield tag="008">110802n| acannaabn          |n aaa      </controlfield>
  <datafield tag="010" ind1=" " ind2=" ">
    <subfield code="a">n 2011051943</subfield>
  </datafield>
  <datafield tag="040" ind1=" " ind2=" ">
    <subfield code="a">DLC</subfield>
    <subfield code="b">eng</subfield>
    <subfield code="c">DLC</subfield>
  </datafield>
  <datafield tag="100" ind1="1" ind2=" ">
    <subfield code="a">Palmieri, Silvio,</subfield>
    <subfield code="d">1957-</subfield>
    <subfield code="t">Avoir l'apprenti dans le soleil</subfield>
  </datafield>
  <datafield tag="670" ind1=" " ind2=" ">
    <subfield code="a">Nouvelle musique montreĚalaise. Vol. 2 [SR] p1999:</subfield>
    <subfield code="b">container (Avoir l'apprenti dans le soleil (1988) horn, piano)</subfield>
  </datafield>
</record>